@phdthesis{Ray_thesis,
author = {R. D. Thomas},
title = {Study of Radiation Hardness of Optical Fibers},
school = {Texas Tech University},
year = {2004},
type = {Thesis}
}

@article{NA1,
author = "N. Akchurin and A.S Ayan and Gy.L Bencze and I. Dumano{\u{g}}lu and E. Eskut and A. Fenyvesi and A. Ferrando and V Gavrilov and C Hajdu and M.I Josa and A Kayis and V Kolosov and S Kuleshov and A Kuzucu-Polatoz and D Litvintsev and O Lobban and J.-P Merlo and J Molnár and Y Onel and G Önengüt and D Osborne and N Özdeş-Koca and V Stolin and L Sulak and A Ulyanov and S Uzunian and G Vesztergombi and R Wigmans and D Winn and A Yumashev and P Zalan and M Zeyrek",
title = "Effects of radiation and their consequences for the performance of the forward calorimeters in the ${CMS}$ experiment",
journal = "Nuclear Instruments and Methods in Physics Research Section B: Beam Interactions with Materials and Atoms",
volume = "187",
number = "1",
pages = "66 - 78",
year = "2002",
issn = "0168-583X",
doi = "https://doi.org/10.1016/S0168-583X(01)00852-7"
}

@article{NA2,
author = "I. Dumanoglu and N. Akchurin and U. Akgun and S. Ayan and P. Bruecken and E. Eskut and A. Fenyvesi and A. K. Topkasu and N. Koca and K. Makonyi and J.-P Merlo and D. Novak and Y. Onel and G. Onengut and A. Polatoz and I. Schmidt and M. Serin and M. Zeyrek",
title = "Radiation-hardness studies of high ${OH^-}$  content quartz fibres irradiated with 500 ${MeV}$ electrons",
journal = "Nuclear Instruments and Methods in Physics Research Section A: Accelerators, Spectrometers, Detectors and Associated Equipment",
volume = "490",
number = "3",
pages = "444 - 455",
year = "2002",
issn = "0168-9002",
doi = "https://doi.org/10.1016/S0168-9002(02)01067-7"
}

@article{NA3,
author = {N. Akchurin and R. Wigmans},
title = {Quartz fibers as active elements in detectors for particle physics},
journal = {Review of Scientific Instruments},
volume = {74},
number = {6},
pages = {2955-2972},
year = {2003},
doi = {10.1063/1.1570945},
URL = {https://doi.org/10.1063/1.1570945}
}

@article{JINSTPaper,
author= {N. Akchurin and C. Cowden and J. Damgov and C. Dragoiu and P. Dudero and J. Faulkner and S. Kunori},
title= {Cerium-doped scintillating fused-silica fibers},
journal= {Journal of Instrumentation},
volume= {13},
number= {04},
pages= {P04010},
doi = {https://doi.org/10.1088/1748-0221/13/04/P04010},
year= {2018}
}

@article{JINSTPaper2,
author= {N. Akchurin and J. Damgov and F. De Guio and E. Kendir and S. Kunori and \c{S}.~Yaltkaya},
title= {Radiation-hardness Studies with Cerium-doped Fused-silica Fibers},
journal= {Journal of Instrumentation, under review},
year= {2018}
}

@article{Neff2008,
author = "M. Neff and V. Romano and W. L{\"{u}}thy",
title = "Metal-doped fibres for broadband emission: Fabrication with granulated oxides",
journal = "Optical Materials",
volume = "31",
number = "2",
pages = "247 - 251",
year = "2008",
issn = "0925-3467",
doi = "https://doi.org/10.1016/j.optmat.2008.04.001"
}

@article{Brac2012,
author={S. Braccini and A. Ereditato and F. Giacoppo and I. Kreslo and K. P. Nesteruk and M. Nirkko and M. Weber and P. Scampoli and M. Neff and S. Pilz and V. Romano},
title={A beam monitor detector based on doped silica and optical fibres},
journal={Journal of Instrumentation},
volume={7},
number={02},
pages={T02001},
doi = {https://doi.org/10.1088/1748-0221/7/02/T02001},
year={2012}
}

@article{Anoikin,
author = "E.V. Anoikin and A.N. Guryanov and D.D. Gusovsky and E.M. Dianov and V.M. Mashinsky and S.I. Miroshnichenko and V.B. Neustruev and V.A. Tikhomirov and Yu.B. Zverev",
title = "${UV}$ and gamma radiation damage in silica glass and fibres doped with germanium and cerium",
journal = "Nuclear Instruments and Methods in Physics Research Section B: Beam Interactions with Materials and Atoms",
volume = "65",
number = "1",
pages = "392 - 396",
year = "1992",
issn = "0168-583X",
doi = "https://doi.org/10.1016/0168-583X(92)95073-Z",
url = "http://www.sciencedirect.com/science/article/pii/0168583X9295073Z"
}

@article{Malashkevich,
author = "G.E Malashkevich and E.N Poddenezhny and I.M Melnichenko and A.A Boiko",
title = "Optical centers of cerium in silica glasses obtained by the sol-gel process",
journal = "Journal of Non-Crystalline Solids",
volume = "188",
number = "1",
pages = "107 - 117",
year = "1995",
issn = "0022-3093",
doi = "https://doi.org/10.1016/0022-3093(95)00014-3"
}

@article{Rand,
author = {E. R. Rand and M. B. Smuckler and E. Go and M. S. Bradley and J. W. Bruno},
title = {Luminescence studies of ${Cerium(III)}$ incorporated in silica gels prepared using sol-gel methods},
journal = {Inorganica Chimica Acta},
volume = {233},
number = {1},
pages = {71 - 77},
year = {1995},
issn = {0020-1693},
doi = {https://doi.org/10.1016/0020-1693(94)04448-5}
}

@article{Xu,
author = {G. Q. Xu  and Z. X. Zheng  and W. M. Tang and Y. C. Wu},
doi = {10.1016/j.jlumin.2006.02.011},
journal = {Journal of Luminescence},
number = {1},
pages = {151-156},
title = {Spectroscopic properties of ${Ce^{3+}}$ doped silica annealed at different temperatures},
volume = {124},
year = {2007}
}

@article{Griscom1993,
  author = {D. L. Griscom and M. E. Gingerich and E. J. Friebele},
  title = {Radiation-induced defects in glasses: Origin of power-law dependence of concentration on dose},
  journal = {Phys. Rev. Lett.},
  volume = {71},
  issue = {7},
  pages = {1019-1022},
  numpages = {0},
  year = {1993},
  month = {Aug},
  publisher = {American Physical Society},
  doi = {10.1103/PhysRevLett.71.1019}
}

@ARTICLE{Mashkov1996,
author = {V. A. Mashkov  and W. R. Austin  and L. Zhang and R. G. Leisure},
title = "{Fundamental Role of Creation and Activation in Radiation-Induced Defect Production in High-Purity Amorphous SiO$_{2}$}",
journal = {Physical Review Letters},
year = {1996},
month = {Apr},
volume = {76},
pages = {2926-2929},
doi = {10.1103/PhysRevLett.76.2926}
}

@article{Marshall,
author = "C. D. Marshall and J. A. Speth and S. A. Payne",
title = "Induced optical absorption in gamma, neutron and ultraviolet irradiated fused quartz and silica",
journal = "Journal of Non-Crystalline Solids",
volume = "212",
number = "1",
pages = "59 - 73",
year = "1997",
issn = "0022-3093",
doi = "https://doi.org/10.1016/S0022-3093(96)00606-0"
}

@article{Goro,
author = "P. Gorodetzky and D. Lazic and G. Anzivino and E. Chiavassa and A. Contin and G. Dellacasa and N. Demarco and R. De Salvo and M. Gallio and P. Guaita and K.F. Johnson and P. Juillot and M. Lundin and M. Marino and A. Musso and A. Piccotti and E. Scomparin and E. Vercellin",
title = "Quartz fiber calorimetry",
journal = "Nucl. Instrum. Meth.",
volume = "A361",
number = "1",
pages = "161 - 179",
year = "1995",
issn = "0168-9002",
doi = "https://doi.org/10.1016/0168-9002(95)00295-2"
}

@article{Akch97,
author = "N. Akchurin and K. Carrell and J. Hauptman and H. Kim and H.P. Paar and A. Penzo and R. Thomas and R. Wigmans",
title = "Electron detection with a dual-readout calorimeter",
journal = "Nucl. Instrum. Meth.",
volume = "A536",
number = "1",
pages = "29-51",
year = "2005",
issn = "0168-9002",
doi = "https://doi.org/10.1016/j.nima.2004.06.178"
}

@article{Vedda2006,
author = {A. Vedda and N. Chiodini and D. Di Martino and M. Fasoli and F. Morazzoni and F. Moretti and R. Scotti and G. Spinolo and A. Baraldi and R. Capelletti and M. Mazzera and M. Nikl},
title = {Insights into Microstructural Features Governing  $Ce^{3+}$ Luminescence Efficiency in Sol-Gel Silica Glasses},
journal = {Chemistry of Materials},
volume = {18},
number = {26},
pages = {6178-6185},
year = {2006},
doi = {10.1021/cm0617541}
}

@article{Fasoli,
author = "M. Fasoli and A. Vedda and A. Lauria and F. Moretti and E. Rizzelli and N. Chiodini and F. Meinardi and M. Nikl",
title = "Effect of reducing sintering atmosphere on ${Ce}$-doped sol–gel silica glasses",
journal = "Journal of Non-Crystalline Solids",
volume = "355",
number = "18",
pages = "1140 - 1144",
year = "2009",
note = "SiO2, Advanced Dielectrics and Related Devices",
issn = "0022-3093",
doi = "https://doi.org/10.1016/j.jnoncrysol.2009.01.043"
}

@article{Griscom2011,
author = "D. L. Griscom",
title = "Trapped-electron centers in pure and doped glassy silica: A review and synthesis",
journal = "Journal of Non-Crystalline Solids",
volume = "357",
number = "8",
pages = "1945 - 1962",
year = "2011",
note = "SiO2, Advanced Dielectrics and Related Devices",
issn = "0022-3093",
doi = "https://doi.org/10.1016/j.jnoncrysol.2010.11.011"
}

@article{Halliburton,
author = {L. E. Halliburton and N. Koumvakalis and M. E. Markes and J. J. Martin},
title = {Radiation effects in crystalline ${SiO_2}$: The role of aluminum},
journal = {Journal of Applied Physics},
volume = {52},
number = {5},
pages = {3565-3574},
year = {1981},
doi = {10.1063/1.329138},
URL = {https://doi.org/10.1063/1.329138}
}

@article{Nunes,
author={E. H. M. Nunes and F. S. Lameiras},
title = {The optical absorption of gamma irradiated and heat-treated natural quartz},
journal = {Materials Research},
ISSN = {1516-1439},
volume = {8},
year = {2005},
month = {09},
pages = {305 - 308},
publisher = {scielo},
crossref = {10.1590/S1516-14392005000300014}
}

@article{Paul2015,
author = "S. Ghosh and A. Dhar and S. Das and M.C. Paul",
title = "Fabrication of a Novel Nano-engineered Glass Based Optical Fiber for Radiation Sensor Application",
journal = "Procedia Materials Science",
volume = "10",
pages = "683-692",
year = "2015",
note = "2nd International Conference on Nanomaterials and Technologies (CNT 2014)",
issn = "2211-8128",
doi = "https://doi.org/10.1016/j.mspro.2015.06.068"
}

@article{Kristianpoller1994,
author = "N. Kristianpoller and M. Abu-Rayya and R. Chen",
title = "Optically stimulated luminescence in synthetic quartz",
journal = "Journal of Luminescence",
volume = "60-61",
pages = "540-543",
year = "1994",
issn = "0022-2313",
doi = "https://doi.org/10.1016/0022-2313(94)90211-9"
}

@book{Blasse,
author = {G. Blasse and B. C. Grabmaier},
title = {Luminescent Materials},
publisher = {Springer},
address = {Berlin},
year = {1994},
type = {Book}
}

@article{Chiodini2002,
author = {N. Chiodini and M. Fasoli and M. Martini and E. Rosetta and G. Spinolo and A. Vedda and M. Nikl and N. Solovieva and A. Baraldi and R. Capelletti},
title = {High-efficiency ${SiO_2:Ce^{3+}}$ glass scintillators},
journal = {Applied Physics Letters},
volume = {81},
number = {23},
pages = {4374-4376},
year = {2002},
doi = {10.1063/1.1524294}
}

@article{Sun2012,
author = {Y. Sun and M. Koshimizu and S. Kishimoto et al},
title = {Synthesis and characterization of ${Pr^{3+}}$-doped glass scintillators prepared by the sol–gel method},
journal = {Journal of Sol-Gel Science and Technology},
volume = {62},
number = {3},
pages = {313–318},
year = {2012},
doi = {https://doi.org/10.1007/s10971-012-2726-6}
}

@article{Pejchal2009,
author={J. Pejchal and M. Nikl and E. Mihóková and J. A. Mareš and A. Yoshikawa and H. Ogino and K. M. Schillemat and A. Krasnikov and A. Vedda and K. Nejezchleb and V. Múčka},
title={${Pr^{3+}}$ -doped complex oxide single crystal scintillators},
journal={Journal of Physics D: Applied Physics},
volume={42},
number={5},
pages={055117},
url={http://stacks.iop.org/0022-3727/42/i=5/a=055117},
year={2009}
}

@article{Nessi2014,
author={R. Becker and G. Dissertori and A. Gendotti and Q. Huang and D. Luckey and W. Lustermann and S. Lutterer and F. Nessi-Tedaldi and F. Pandolfi and F. Pauss and M. Peruzzi and M. Quittnat and R. Wallny},
title={Proof-of-principle of a new geometry for sampling calorimetry using inorganic scintillator plates},
journal={Journal of Physics: Conference Series},
volume={587},
number={1},
pages={012039},
url={http://stacks.iop.org/1742-6596/587/i=1/a=012039},
year={2015}
}

@article{paul,
author = {M.C. Paul and R. Sen and S.K. Bhadra and M. Pal and P.P. Giri and K. Dasgupta and T.K. Bandyopadhyay and D. Bohra and P.K. Bhatnagar},
title = {Gamma ray radiation induced absorption in ${Ti}$ doped single mode optical fibres at low dose levels},
journal = {Optical Materials},
volume = {29},
number = {6},
pages = {738 - 745},
year = {2007},
issn = {0925-3467},
doi = {https://doi.org/10.1016/j.optmat.2005.12.004}
}

@article{Paul2009,
title = "Radiation response behaviour of ${Al}$ codoped germano-silicate ${SM}$ fiber at high radiation dose",
journal = "Optics Communications",
volume = "282",
number = "5",
pages = "872 - 878",
year = "2009",
issn = "0030-4018",
doi = "https://doi.org/10.1016/j.optcom.2008.11.052",
url = "http://www.sciencedirect.com/science/article/pii/S0030401808012066",
author = "M.C. Paul and R. Sen and S.K. Bhadra and K. Dasgupta"
}

@article{Paul200928,
title = "Radiation response behavior of high phosphorous doped step-index multimode optical fibers under low dose gamma irradiation",
journal = "Journal of Non-Crystalline Solids",
volume = "355",
number = "28",
pages = "1496 - 1507",
year = "2009",
issn = "0022-3093",
doi = "https://doi.org/10.1016/j.jnoncrysol.2009.05.017",
author = "M.C. Paul and D. Bohra and A. Dhar and R. Sen and P.K. Bhatnagar and K. Dasgupta"
}

@article{ElBatal,
author = "F. H. A. El Batal and N. Nada and S. M. Desouky and M. M. I. Khalil",
title = "Absorption and infrared spectra of gamma irradiated ternary silicate glasses containing cobalt",
journal = "Indian J. Pure Appl. Phys.",
volume = "42",
number = "10",
pages = "711-721",
year = "2004"
}

@article{ahlam,
author = "M. A. Ahlam and M. N. Ravishankar and N. Vijayan et al",
title = "The effect of ${Co-60}$ gamma irradiation on optical properties of some nonlinear optical ${(NLO)}$ single crystals",
journal = "Journal of Optics",
volume = "41",
number = "3",
pages = "158–166",
doi = "https://doi.org/10.1007/s12596-012-0079-8",
year = "2012"
}

@article{Aikawa2008,
author = "K. Aikawa and K. Izoe and N. Shamoto and M. Kudoh and T. Tsumanuma",
title = "Radiation-resistant single-mode optical fibers",
journal = "Fujikura Giho",
volume = "40",
number = "113",
pages = "10-14",
year = "2008"
}

@proceeding{Bueker1990,
author = { H. Bueker and F. W. Haesing and S.  Nicolai and B.  Wolters},
title = {Fiber optic radiation dosimetry for medical applications},
journal = {Proc.SPIE},
volume = {1201},
number = {},
pages = {1201 - 1201 - 11},
year = {1990},
doi = {10.1117/12.17567},
URL = {https://doi.org/10.1117/12.17567}
}

@article{Borgermans2002,
author={P. Borgermans and B. Brichard},
journal={IEEE Transactions on Nuclear Science},
title={Kinetic models and spectral dependencies of the radiation-induced attenuation in pure silica fibers},
year={2002},
volume={49},
number={3},
pages={1439-1445},
doi={10.1109/TNS.2002.1039680},
ISSN={0018-9499}
}

@article{Kim2016,
author = {Y. Kim and S. Ju and S. Jeong and S. Ho Lee and W.T. Han},
journal = {Opt. Express},
keywords = {Fiber characterization; Absorption; Radiation},
number = {4},
pages = {3910-3920},
publisher = {OSA},
title = {Gamma-ray radiation response at 1550 nm of fluorine-doped radiation hard single-mode optical fiber},
volume = {24},
month = {Feb},
year = {2016},
url = {http://www.opticsexpress.org/abstract.cfm?URI=oe-24-4-3910},
doi = {10.1364/OE.24.003910}
}
@article{Devine1989,
title = {Correlated defect creation and dose-dependent radiation sensitivity in amorphous ${SiO_2}$},
author = {Devine, R. A. B. and Arndt, J.},
journal = {Phys. Rev. B},
volume = {39},
issue = {8},
pages = {5132--5138},
numpages = {0},
year = {1989},
month = {Mar},
publisher = {American Physical Society},
doi = {10.1103/PhysRevB.39.5132},
url = {https://link.aps.org/doi/10.1103/PhysRevB.39.5132}
}

@ARTICLE{Friebele1983,
author={E. Friebele and M. Gingerich and K. Long and P. Levin and D. Pinnow},
journal={Journal of Lightwave Technology},
title={Radiation-resistant low ${OH}$ content silica core fibers},
year={1983},
volume={1},
number={3},
pages={462-465},
doi={10.1109/JLT.1983.1072133},
ISSN={0733-8724}
}

@proceeding{Friebele1993,
author = { E. Joseph Friebele,Michael E. Gingerich,David L. Griscom},
title = {Survivability of optical fibers in space},
journal = {Proc.SPIE},
volume = {1791},
number = {},
pages = {1791 - 1791 - 12},
year = {1993},
doi = {10.1117/12.141177},
URL = {https://doi.org/10.1117/12.141177}
}

@article{Girard2011,
author = "S. Girard and Y. Ouerdane and C. Marcandella and A. Boukenter and S. Quenard and N. Authier",
title = "Feasibility of radiation dosimetry with phosphorus-doped optical fibers in the ultraviolet and visible domain",
journal = "Journal of Non-Crystalline Solids",
volume = "357",
number = "8",
pages = "1871 - 1874",
year = "2011",
note = "SiO2, Advanced Dielectrics and Related Devices",
issn = "0022-3093",
doi = "https://doi.org/10.1016/j.jnoncrysol.2010.11.113"
}

@article{Girard2008,
author={S. Girard and Y. Ouerdane and G. Origlio and C. Marcandella and A. Boukenter and N. Richard and J. Baggio and P. Paillet and M. Cannas and J. Bisutti and J. P. Meunier and R. Boscaino},
journal={IEEE Transactions on Nuclear Science},
title={Radiation Effects on Silica-Based Preforms and Optical ${Fibers-I}$: Experimental Study With Canonical Samples},
year={2008},
volume={55},
number={6},
pages={3473-3482},
doi={10.1109/TNS.2008.2007297},
ISSN={0018-9499}
}

@article{Griscom1983,
author = {D. L. Griscom and E. J. Friebele and K. J. Long and J. W. Fleming},
title = {Fundamental defect centers in glass: Electron spin resonance and optical absorption studies of irradiated phosphorus doped silica glass and optical fibers},
journal = {Journal of Applied Physics},
volume = {54},
number = {7},
pages = {3743-3762},
year = {1983},
doi = {10.1063/1.332591}
}

@article{Griscom1994,
author={D. L. Griscom and M. E. Gingerich and E. J. Friebele},
journal={IEEE Transactions on Nuclear Science},
title={Model for the dose, dose-rate and temperature dependence of radiation-induced loss in optical fibers},
year={1994},
volume={41},
number={3},
pages={523-527},
doi={10.1109/23.299793},
ISSN={0018-9499},
}

@article{Griscom2001,
author = {D. L. Griscom},
title = {Fractal kinetics of radiation-induced point-defect formation and decay in amorphous insulators: Application to color centers in silica-based optical fibers},
journal = {Phys. Rev. B},
volume = {64},
issue = {17},
pages = {174-201},
year = {2001},
month = {Oct},
publisher = {American Physical Society},
doi = {10.1103/PhysRevB.64.174201}
}

@article{Liu1994,
author = {D. T. H. Liu and A. R. Johnston},
journal = {Opt. Lett.},
keywords = {},
number = {8},
pages = {548--550},
publisher = {OSA},
title = {Theory of radiation-induced absorption in optical fibers},
volume = {19},
month = {Apr},
year = {1994},
url = {http://ol.osa.org/abstract.cfm?URI=ol-19-8-548},
doi = {10.1364/OL.19.000548}
}

@article{Lu1999,
author = {P. Lu and X. Bao and N. Kulkarni and K. Brown},
title = {Gamma ray radiation induced visible light absorption in ${P}$-doped silica fibers at low dose levels},
journal = {Radiation Measurements},
volume = {30},
number = {6},
pages = {725-733},
year = {1999},
issn = {1350-4487},
doi = {10.1016/S1350-4487(99)00233-4}
}

@article{Henschel1997,
author={H. Henschel and O. Kohn and H. U. Schmidt and J. Kirchof and S. Unger},
journal={IEEE Transactions on Nuclear Science},
title={Radiation-induced loss of rare earth doped silica fibres},
year={1998},
volume={45},
number={3},
pages={1552-1557},
doi={10.1109/23.685238},
ISSN={0018-9499}
}


@article{Mies1985,
author = { E.W. Mies and L. Soto},
title = {Characterization of the radiation sensitivity of single-mode optical fibers},
journal = {Proc. Int. Conf. Integrated Optics Optical Fiber Communication-Eur. Conf. Optical Communication},
address = {Venice, Italy},
pages = {255-258},
year = {1985}
}

@article{Amos1990,
author = "N.A. Amos and A.D. Bross and M.C. Lundin",
title = "Optical attenuation length measurements of scintillating fibers",
journal = "Nuclear Instruments and Methods in Physics Research Section A: Accelerators, Spectrometers, Detectors and Associated Equipment",
volume = "297",
number = "3",
pages = "396 - 403",
year = "1990",
issn = "0168-9002",
doi = "https://doi.org/10.1016/0168-9002(90)91321-2"
}

@book{Fernow1986,
author={R. C. Fernow},
place={Cambridge},
title={Introduction to Experimental Particle Physics},
DOI={10.1017/CBO9780511622588},
publisher={Cambridge University Press},
year={1986}
}

@article{Livan1995,
author         = "M. Livan and V. Vercesi and R. Wigmans",
title          = "{Scintillating fiber calorimetry}",
year           = "1995",
reportNumber   = "CERN-95-02, CERN-95-2, CERN-YELLOW-95-02"
}

@inproceedings{Simon1992,
author         = "Simon, A.",
title          = "{Scintillating fiber detectors in particle physics}",
year           = "1992",
reportNumber   = "CERN-PPE-92-095, CERN-PPE-92-95"
}

@ARTICLE{Francesca2018,
author={D. Di Francesca and G. Li Vecchi and S. Girard and A. Alessi and I. Reghioua and A. Boukenter and Y. Ouerdane and Y. Kadi and M. Brugger},
journal={IEEE Transactions on Nuclear Science},
title={Radiation-Induced Attenuation in Single-Mode Phosphosilicate Optical Fibers for Radiation Detection},
year={2018},
volume={65},
number={1},
pages={126-131},
doi={10.1109/TNS.2017.2778314},
ISSN={0018-9499},
month={Jan}
}

@article{Shibuya1982,
author = {Shibuya, K. and Yagi, K. and Sugiyama, N. and Kojima, T. and Yoshinaga, A.},
year = {1982},
month = {11},
pages = {12},
title = {Gamma Irradiation Characteristics of Optical Fibers}
}

@ARTICLE{Faustov2013,
author={A. V. Faustov and A. Gusarov and M. Wuilpart and A. A. Fotiadi and L. B. Liokumovich and I. O. Zolotovskiy and A. L. Tomashuk and T. de Schoutheete and P. Mégret},
journal={IEEE Transactions on Nuclear Science},
title={Comparison of Gamma-Radiation Induced Attenuation in ${Al}$-Doped, ${P}$-Doped and ${Ge}$-Doped Fibres for Dosimetry},
year={2013},
volume={60},
number={4},
pages={2511-2517},
doi={10.1109/TNS.2013.2273273},
ISSN={0018-9499},
month={Aug}
}

@article{Girard2003,
author = {S. Girard and A. Boukenter  and Y. Ouerdane and J. -P. Meunier and J. Keurinck},
year = {2003},
month = {07},
pages = {78-83},
title = {Properties of phosphorus-related defects induced by $\gamma$-rays and pulsed ${X}$-ray irradiation in germanosilicate optical fibers},
volume = {322},
booktitle = {Journal of Non-crystalline Solids - J NON-CRYST SOLIDS}
}

@article{Fox2007,
author = { B. P. Fox and Z. V. Schneider and K.  Simmons-Potter and W. J. Thomes and D. C. Meister and R. P. Bambha and D. A. V. Kliner},
title = {Gamma radiation effects in ${Yb}$-doped optical fiber},
journal = {Proc.SPIE},
volume = {6453},
series = {procspie},
pages = {6453-6453 - 8},
year = {2007},
doi = {10.1117/12.712244},
URL = {https://doi.org/10.1117/12.712244}
}

@article{Kim2013,
author = { Y.  Kim and S. Ju and S. Jeong and J.-Y.  Kim and N.-H.  Lee and H.-K.  Jung and W.-T. Han},
title = {Radiation-induced optical attenuation of ${Co/Fe}$ ${Co}$-doped alumino-silicate optical fiber for radiation dosimeter application},
journal = {Proc.SPIE},
volume = {8794},
number = {},
pages = {8794 - 8794 - 4},
year = {2013},
doi = {10.1117/12.2025983},
URL = {https://doi.org/10.1117/12.2025983}
}

@article{Origlio2010,
author = {Origlio,G.  and Messina,F.  and Girard,S.  and Cannas,M.  and Boukenter,A.  and Ouerdane,Y. },
title = {Spectroscopic studies of the origin of radiation-induced degradation in phosphorus-doped optical fibers and preforms},
journal = {Journal of Applied Physics},
volume = {108},
number = {12},
pages = {123103},
year = {2010},
doi = {10.1063/1.3517479},
URL = {https://doi.org/10.1063/1.3517479}
}

@article{Griscom1976,
author = {L. Griscom, D and H. Sigel, G and J. Ginther, R},
year = {1976},
month = {04},
pages = {960 - 967},
title = {Defect Centers in a Pure-Silica-Core Borosilicate-Clad Optical Fiber: ${ESR}$ Studies},
volume = {47},
booktitle = {Journal of Applied Physics}
}

@article{Kher2007,
author = {Kher, S. and Joshi, P. and Sharma, R.},
year = {2007},
month = {07},
pages = {345-347},
title = {Radiation effects on pure silica core multimode fibres: Radiation hardness issues for fibre optic sensors for particle accelerators and nuclear power stations},
volume = {578},
booktitle = {Nuclear Instruments & Methods in Physics Research Section A-accelerators Spectrometers Detectors and Associated Equipment - NUCL INSTRUM METH PHYS RES A}
}

@article{Ghosh2015,
title = "Fabrication of a Novel Nano-engineered Glass Based Optical Fiber for Radiation Sensor Application",
journal = "Procedia Materials Science",
volume = "10",
pages = "683 - 692",
year = "2015",
note = "2nd International Conference on Nanomaterials and Technologies (CNT 2014)",
issn = "2211-8128",
doi = "https://doi.org/10.1016/j.mspro.2015.06.068",
url = "http://www.sciencedirect.com/science/article/pii/S2211812815003065",
author = "S. Ghosh and A. Dhar and S. Das and M.C. Paul"
}

@article{Giacomazzi2018,
author = {Luigi Giacomazzi and L. Martin-Samos and A. Alessi and M. Valant and Krishna Chaitanya Gunturu and A. Boukenter and Y. Ouerdane and S. Girard and N. Richard},
journal = {Opt. Mater. Express},
number = {2},
pages = {385--400},
publisher = {OSA},
title = {Optical absorption spectra of ${P}$ defects in vitreous silica},
volume = {8},
month = {Feb},
year = {2018},
url = {http://www.osapublishing.org/ome/abstract.cfm?URI=ome-8-2-385},
doi = {10.1364/OME.8.000385},
}

@article{Cankocak2008,
title = "Radiation-hardness measurements of high ${OH^-}$ content quartz fibres irradiated with 24 ${GeV}$ protons up to 1.25 ${Grad}$",
journal = "Nuclear Instruments and Methods in Physics Research Section A: Accelerators, Spectrometers, Detectors and Associated Equipment",
volume = "585",
number = "1",
pages = "20 - 27",
year = "2008",
issn = "0168-9002",
doi = "https://doi.org/10.1016/j.nima.2007.10.024",
url = "http://www.sciencedirect.com/science/article/pii/S0168900207022061",
author = "K. Canko{\c{c}}ak and M.N. Bak{\i}rc{\i} and S. {\c{C}}er{\c{c}}i and E. G{\"{u}}lmez and J.P. Merlo and Y. Onel and F. {\"{O}}zok and I. Schmidt and N. S{\"{o}}nmez",
keywords = "Quartz, Fibre, Radiation, Attenuation"
}

@article{Girard2013,
author={S. Girard and J. Kuhnhenn and A. Gusarov and B. Brichard and M. Van Uffelen and Y. Ouerdane and A. Boukenter and C. Marcandella},
journal={IEEE Transactions on Nuclear Science},
title={Radiation Effects on Silica-Based Optical Fibers: Recent Advances and Future Challenges},
year={2013},
volume={60},
number={3},
pages={2015-2036},
doi={10.1109/TNS.2012.2235464},
ISSN={0018-9499},
month={June},}

@article{Friebele1984,
author = {E. Joseph Friebele and Charles G. Askins and Michael E. Gingerich},
journal = {Appl. Opt.},
number = {23},
pages = {4202--4208},
publisher = {OSA},
title = {Effect of low dose rate irradiation on doped silica core optical fibers},
volume = {23},
month = {Dec},
year = {1984},
url = {http://ao.osa.org/abstract.cfm?URI=ao-23-23-4202},
doi = {10.1364/AO.23.004202}
}

@article{Wijnands2008,
title={Optical Absorption in Commercial Single Mode Optical Fibers in a High Energy Physics Radiation Field},
author={Thijs Wijnands and L. K. De Jonge and J. Kuhnhenn and S. K. Hoeffgen and Udo Weinand},
journal={IEEE Transactions on Nuclear Science},
year={2008},
volume={55},
doi = {10.1109/TNS.2008.2001859},
pages={2216-2222}
}

@article{doi:10.1063/1.1524294,
author = {Chiodini,N.  and Fasoli,M.  and Martini,M.  and Rosetta,E.  and Spinolo,G.  and Vedda,A.  and Nikl,M.  and Solovieva,N.  and Baraldi,A.  and Capelletti,R. },
title = {High-efficiency ${SiO_2:Ce^{^3+}}$ glass scintillators},
journal = {Applied Physics Letters},
volume = {81},
number = {23},
pages = {4374-4376},
year = {2002},
doi = {10.1063/1.1524294},
URL = {    https://doi.org/10.1063/1.1524294},
eprint = {    https://doi.org/10.1063/1.1524294}
}

@article{doi:10.1063/1.1840127,
author = {Vedda,A.  and Chiodini,N.  and Di Martino,D.  and Fasoli,M.  and Keffer,S.  and Lauria,A.  and Martini,M.  and Moretti,F.  and Spinolo,G.  and Nikl,M.  and Solovieva,N.  and Brambilla,G. },
title = {${Ce^{3+}}$-doped fibers for remote radiation dosimetry},
journal = {Applied Physics Letters},
volume = {85},
number = {26},
pages = {6356-6358},
year = {2004},
doi = {10.1063/1.1840127},
URL = {    https://doi.org/10.1063/1.1840127},
eprint = {https://doi.org/10.1063/1.1840127}
}

@article{CARRARA2013312,
title = "Characterization of a ${Ce^{3+}}$ doped ${SiO_2}$ optical dosimeter for dose measurements in HDR brachytherapy",
journal = "Radiation Measurements",
volume = "56",
pages = "312 - 315",
year = "2013",
note = "Proceedings of the 8th International Conference on Luminescent Detectors and Transformers of Ionizing Radiation (LUMDETR 2012)",
issn = "1350-4487",
doi = "https://doi.org/10.1016/j.radmeas.2013.02.023",
url = "http://www.sciencedirect.com/science/article/pii/S1350448713001236",
author = "Mauro Carrara and Claudia Cavatorta and Marta Borroni and Chiara Tenconi and Annamaria Cerrotta and Carlo Fallai and Grazia Gambarini and Anna Vedda and Emanuele Pignoli",
keywords = "Brachytherapy, In vivo dosimetry, Scintillation detector"
}
@article{CARETTO2010407,
title = "Feasibility of dose assessment in radiological diagnostic equipments using ${Ce}$-doped radio-luminescent optical fibers",
journal = "Nuclear Instruments and Methods in Physics Research Section A: Accelerators, Spectrometers, Detectors and Associated Equipment",
volume = "612",
number = "2",
pages = "407 - 411",
year = "2010",
issn = "0168-9002",
doi = "https://doi.org/10.1016/j.nima.2009.10.072",
url = "http://www.sciencedirect.com/science/article/pii/S0168900209020002",
author = "N. Caretto and N. Chiodini and F. Moretti and D. Origgi and G. Tosi and A. Vedda",
keywords = "Radiology dosimetry, Optical fibers, Radio-luminescence"
}

@article{doi:10.1111/j.1151-2916.1987.tb04932.x,
author = {Ishii, Yoshiro and Arai, Kazuo and Namikawa, Hiroshi and Tanaka, Mitsuhiro and Negishi, Akira and Handa, Takashi},
title = {Preparation of Cerium-Activated Silica Glasses: Phosphorus and Aluminum Codoping Effects on Absorption and Fluorescence Properties},
journal = {Journal of the American Ceramic Society},
volume = {70},
number = {2},
pages = {72-77},
doi = {10.1111/j.1151-2916.1987.tb04932.x},
url = {https://onlinelibrary.wiley.com/doi/abs/10.1111/j.1151-2916.1987.tb04932.x},
eprint = {https://onlinelibrary.wiley.com/doi/pdf/10.1111/j.1151-2916.1987.tb04932.x},
year = {1987}
}
@article{Sun:17,
author = {Xinxin Sun and Jianxiang Wen and Qiang Guo and Fufei Pang and Zhenyi Chen and Yanhua Luo and Gangding Peng and Tingyun Wang},
journal = {Opt. Mater. Express},
keywords = {Fluorescent and luminescent materials; Optical properties; Rare-earth-doped materials; Energy transfer; Optical coherence tomography; Plastic optical fibers; Rare earth doped materials; Silica fibers; Single crystal fibers},
number = {3},
pages = {751--759},
publisher = {OSA},
title = {Fluorescence properties and energy level structure of Ce-doped silica fiber materials},
volume = {7},
month = {Mar},
year = {2017},
url = {http://www.osapublishing.org/ome/abstract.cfm?URI=ome-7-3-751},
doi = {10.1364/OME.7.000751},
abstract = {A Ce-doped silica fiber material is prepared using powder-in-tube technique via sol-gel method. Its absorption and emission spectra are investigated from experimental and theoretical perspectives. The experimental results show an absorption band at 320 nm and a broad emission band at 430 nm, which comprises of two bands at 420 and 470 nm, respectively. In addition, a local microstructure model of the Ce-doped silica fiber material is developed and its structure parameters and fluorescence spectra are calculated using density functional theory. The theoretical results indicate a strong absorption peak at 336 nm and an emission peak at 486 nm. Furthermore, the spontaneous emission lifetime is also calculated to be approximately 64.82 ns. This confirms theoretically that the Ce-doped silica materials possess the scintillator characteristics. Moreover, an energy level diagram for the Ce-doped silica fiber material is constructed. It is significant for understanding the fluorescence properties of the Ce-doped silica fiber material at the microstructural level.},
}

@article{r-KRO,
    author            = {F. A. Kroeger and J. Bakker},
    title             = {Luminescence of Cerium compounds},
    journal           = {J.Physica},
    volume = "VIII",
    year = "1941",
    pages = "628-646"
    }
@article{r-AND,
    author            = {D. F. Anderson},
    title             = {Properties of the High-Density Scintillator Cerium Fluoride},
    journal           = {IEEE Trans. Nucl. Sci.},
    volume = "36",
    year = "1989",
    pages = "137-140"
    }
@article{r-MOS,
    author            = {W.~W.~Moses and S.~E.~Derenzo},
    title             = {Cerium FLuoride, a new fast, heavy scintillator},
    journal           = {IEEE Trans. Nucl. Sci.},
    volume = "36",
    year = "1989",
    pages = "173-176"
    }
@article{r-LOI,
      author         = "Della Negra, M. and others",
      title          = "{CMS: The Compact Muon Solenoid: Letter of intent for a
                        general purpose detector at the LHC}",
      collaboration  = "CMS",
      year           = "1992",
      reportNumber   = "CERN-LHCC-92-03, CERN-LHCC-I-1",
      SLACcitation   = "%%CITATION = CERN-LHCC-92-03;%%"
}
@article{r-L3P,
      author         = "Aziz, T. and others",
      title          = "{L3P: Lepton and photon precision physics}",
      collaboration  = "L3P",
      journal        = "Nucl. Instrum. Meth.",
      volume         = "A325",
      year           = "1993",
      pages          = "23-91",
      doi            = "10.1016/0168-9002(93)91009-C",
      reportNumber   = "CERN-LHCC-92-05, CERN-LHCC-I-3",
      SLACcitation   = "%%CITATION = NUIMA,A325,23;%%"
}
@article{r-CEFTB,
    author = {E. Auffray},
    title = {F.N.-T., P. L. et al., Nucl. Instr. and Meth. A 378 (1996) 171-178}
    }
@article{r-NIMCEF3,
    author          = {G. Dissertori and P. Lecomte and D. Luckey and F. Nessi-Tedaldi and F. Pauss and Th. Otto and S. Roesler and Ch. Urscheler},
    title           = {A study of high-energy proton induced damage in cerium fluoride in comparison with measurements in lead tungstate calorimeter crystals},
    journal         ={Nucl. Instrum. Meth.},
    volume = "A622",
    year = 2010,
    pages = "41-48"
    }
@article{r-FISSNIM,
    author          = {G. Dissertori and D. Luckey and F. Nessi-Tedaldi and F. Pauss and R. Wallny and R. Spikings and R. Van der Lelij and G. Arnau Izquierdo},
    title           = {A visualization of the damage in Lead Tungstate calorimeter crystals after exposure to high-energy hadrons},
    journal         = {Nucl. Instrum. Meth.},
    volume = "A684",
    year = "2012",
    pages = "57-62 and refs therein"
    }
@article{r-NIMLYSO,
    author         = {G. Dissertori and D. Luckey and F. Nessi-Tedaldi and F. Pauss and M. Quittnat and R. Wallny and M. Glaser},
    title          = {Results on damage induced by high-energy protons in LYSO calorimeter crystals},
    journal        = {Nucl.~Instr.~Meth.},
    volume = "A745",
    year = "2014",
    pages = "1-6"
    }
 @article{r-CALORCEF3,
    author         = {F. Nessi-Tedaldi and R. Becker and G. Dissertori and A. Gendotti and Q. Huang and D. Luckey and W. Lustermann and S. Lutterer and F. Pandolfi and F. Pauss and M. Peruzzi and M. Quittnat and R. Wallny},
    title          = {Proof-of-principle of a new geometry for sampling calorimetry using inorganic scintillator plates},
    journal        = {Proc. CALOR2014, 16th Int. Conf. in Cal\-or\-im\-etry for High-Energy Physics (Giessen Germany, 2014), J. Phys. Conf. Ser.},
    volume = " 587",
    year = "2015",
    pages = "012039",
    doi            ={doi:10.1088/1742-6596/587/1/012039}
    }
@article{r-WCEF3FRA,
    author         = {R. Becker and V. Candelise and F. Cavallari and I. Dafinei and G. Della Ricca and M. Diemoz and D. del Re and et al.},
    title          = {Beam test results for a tungsten-cerium fluoride sampling calorimeter with wavelength-shifting fiber readout},
    journal        = {Journal of instrumentation},
    volume = "10",
    year = "2015",
    pages = "P07002"
    }
@article{r-WCEF3H4,
    author         = {R. Becker and L. Bianchini and G. Dissertori and L. Djambazov and et al.},
    title          = {Performance of a tungsten-cerium fluoride sampling calorimeter in high-energy electron beam tests},
    journal        = {Nucl. Instr. Meth.},
    volume = "A804",
    year = "2015",
    pages = "79-83"
    }
@article{r-EACEF3,
    author         = {E.~Auffray and S.Baccaro and T.Beckers and Y.Benhammou and A. N. Belsky and B. Borgia and et al.},
    title          = {Extensive studies on Cerium Fluoride crystals, a good candidate for electromagnetic calorimetry at future accelerators},
    journal        = {Nucl.~Instrum.~Meth.},
    volume = "A383",
    year = "1996",
    pages = "367-390"
    }
@article{r-vedda,
    author         = {A. Vedda and N. Chiodini and D. Di Martino and M. Fasoli and et al.},
    title          = {Ce$^{3+}$-doped fibers for remote radiation dosimetry},
    journal        = {Appl.~Phys.~Lett.},
    volume = "85",
    year = "2004",
    pages = "6356"
    }
@article{r-GRA,
    author         = {P. Grafstr\"om},
    title          = {The momentum resolution of the H4 beam for secondary beams in filter mode optics},
    journal        = {CERN-SL-Note 97-81 (CERN, Geneva, 1997)}
    }
@article{r-SPA,
    author = {J. Spanggaard},
    title  = {Delay Wire Chambers - A Users Guide},
    journal = {(CERN, Geneva, 1998), SL-Note-98-023},
    url     =  {http://cds.cern.ch/record/702443/files/sl-note-98-023.pdf}
    }
@article{r-MAR,
  author={A.C. Marini},
  title={H4DAQ: a modern and versatile data-acquisition package for calorimeter prototypes test-beams},
  journal={Journal of Instrumentation},
  volume={13},
  number={02},
  pages={C02042},
  url={http://stacks.iop.org/1748-0221/13/i=02/a=C02042},
  year={2018}
}
@article{r-GEANT4,
      author         = "Agostinelli, S. and others",
      title          = "{GEANT4: A Simulation toolkit}",
      collaboration  = "GEANT4",
      journal        = "Nucl. Instrum. Meth.",
      volume         = "A506",
      year           = "2003",
      pages          = "250-303",
      doi            = "10.1016/S0168-9002(03)01368-8",
      reportNumber   = "SLAC-PUB-9350, FERMILAB-PUB-03-339",
      SLACcitation   = "%%CITATION = NUIMA,A506,250;%%"
}
@article{r-MCP,
      author         = "Brianza, L. and others",
      title          = "{Response of microchannel plates to single particles and
                        to electromagnetic showers}",
      journal        = "Nucl. Instrum. Meth.",
      volume         = "A797",
      year           = "2015",
      pages          = "216-221",
      doi            = "10.1016/j.nima.2015.06.057",
      eprint         = "1504.02728",
      archivePrefix  = "arXiv",
      primaryClass   = "physics.ins-det",
      SLACcitation   = "%%CITATION = ARXIV:1504.02728;%%"
}